@misc{Vietnam,
  title = {Food \& Beverages - Vietnam},
  howpublished = {\url{https://www.statista.com/outlook/253/127/food-beverages/vietnam}},
  note = {Accessed: 2018-03-15}
}
@misc{social-media-report,
author={MICHAEL A. STELZNER},
title={2016 SOCIAL MEDIA MARKETING INDUSTRY REPORT},
howpublished={\url{https://www.socialmediaexaminer.com/wp-content/uploads/2016/05/SocialMediaMarketingIndustryReport2016.pdf}},
note={Accessed: 2018-03-30}
}
@misc{facebook3,
author={Neil Patel},
title={How to Win on Facebook: 8 Lessons Learned From Analyzing 1 Billion Posts},
howpublished={\url{https://www.quicksprout.com/2016/02/05
/how-to-win-on-facebook-8
-lessons-learned-from
-analyzing-1-billion-posts/}},
note={Accessed: 2018-03-30}
}
@misc{facebook1,
  title = {Facebook by the Numbers: Stats, Demographics \& Fun Facts},
  howpublished = {\url{https://www.omnicoreagency.com/facebook-statistics}},
  note = {Accessed: 2018-03-23}
}

@misc{facebook2,
  title = {Marketing: 47 Incredible Facebook Statistics},
  howpublished = {\url{https://www.brandwatch.com/blog/47-facebook-statistics}},
  note = {Accessed: 2018-03-23}
}

@misc{instagram,
  title = {Instagram by the Numbers: Stats, Demographics \& Fun Facts},
  howpublished = {\url{https://www.omnicoreagency.com/instagram-statistics}},
  note = {Accessed: 2018-03-23}
}

@misc{5reasons,
  title = {5 Reasons Why Marketers Need Image Recognition},
  howpublished = {\url{http://blog.logograb.com/reasons-marketers-need-image-recognition}},
  note = {Accessed: 2018-03-23}
}

@article{sift,
 author = {Lowe, David G.},
 title = {Distinctive Image Features from Scale-Invariant Keypoints},
 journal = {Int. J. Comput. Vision},
 issue_date = {November 2004},
 volume = {60},
 number = {2},
 month = nov,
 year = {2004},
 issn = {0920-5691},
 pages = {91--110},
 numpages = {20},
 url = {https://doi.org/10.1023/B:VISI.0000029664.99615.94},
 doi = {10.1023/B:VISI.0000029664.99615.94},
 acmid = {996342},
 publisher = {Kluwer Academic Publishers},
 address = {Hingham, MA, USA},
 keywords = {image matching, invariant features, object recognition, scale invariance},
}

@inproceedings{flann,
  author    = {Marius Muja and David G. Lowe},
  title     = {Fast Approximate Nearest Neighbors with Automatic Algorithm Configuration},
  booktitle = {International Conference on Computer Vision Theory and Application 
               VISSAPP'09)},
  publisher = {INSTICC Press},
  year      = {2009},
  pages     = {331-340}
}

@inproceedings{tonghop,
  author    = {Viet Phuong Le},
  title     = {Logo detection, recognition and spotting in context by matching local visual features},
  publisher = {Universite de La Rochelle},
  year      = {2015}
}

@inproceedings{fast,
 author = {Rosten, Edward and Drummond, Tom},
 title = {Machine Learning for High-speed Corner Detection},
 booktitle = {Proceedings of the 9th European Conference on Computer Vision - Volume Part I},
 series = {ECCV'06},
 year = {2006},
 isbn = {3-540-33832-2, 978-3-540-33832-1},
 location = {Graz, Austria},
 pages = {430--443},
 numpages = {14},
 url = {http://dx.doi.org/10.1007/11744023_34},
 doi = {10.1007/11744023_34},
 acmid = {2094478},
 publisher = {Springer-Verlag},
 address = {Berlin, Heidelberg},
}

@inproceedings{brief,
 author = {Calonder, Michael and Lepetit, Vincent and Strecha, Christoph and Fua, Pascal},
 title = {BRIEF: Binary Robust Independent Elementary Features},
 booktitle = {Proceedings of the 11th European Conference on Computer Vision: Part IV},
 series = {ECCV'10},
 year = {2010},
 isbn = {3-642-15560-X, 978-3-642-15560-4},
 location = {Heraklion, Crete, Greece},
 pages = {778--792},
 numpages = {15},
 url = {http://dl.acm.org/citation.cfm?id=1888089.1888148},
 acmid = {1888148},
 publisher = {Springer-Verlag},
 address = {Berlin, Heidelberg},
} 

@article{surf,
 author = {Bay, Herbert and Ess, Andreas and Tuytelaars, Tinne and Van Gool, Luc},
 title = {Speeded-Up Robust Features (SURF)},
 journal = {Comput. Vis. Image Underst.},
 issue_date = {June, 2008},
 volume = {110},
 number = {3},
 month = jun,
 year = {2008},
 issn = {1077-3142},
 pages = {346--359},
 numpages = {14},
 url = {http://dx.doi.org/10.1016/j.cviu.2007.09.014},
 doi = {10.1016/j.cviu.2007.09.014},
 acmid = {1370556},
 publisher = {Elsevier Science Inc.},
 address = {New York, NY, USA},
 keywords = {Camera calibration, Feature description, Interest points, Local features, Object recognition},
} 


@inproceedings{orb,
 author = {Rublee, Ethan and Rabaud, Vincent and Konolige, Kurt and Bradski, Gary},
 title = {ORB: An Efficient Alternative to SIFT or SURF},
 booktitle = {Proceedings of the 2011 International Conference on Computer Vision},
 series = {ICCV '11},
 year = {2011},
 isbn = {978-1-4577-1101-5},
 pages = {2564--2571},
 numpages = {8},
 url = {http://dx.doi.org/10.1109/ICCV.2011.6126544},
 doi = {10.1109/ICCV.2011.6126544},
 acmid = {2356268},
 publisher = {IEEE Computer Society},
 address = {Washington, DC, USA},
} 
@article{DBLP:journals/corr/OliveiraFPR16,
  author    = {Gon{\c{c}}alo Oliveira and
               Xavier Fraz{\~{a}}o and
               Andr{\'{e}} Pimentel and
               Bernardete Ribeiro},
  title     = {Automatic Graphic Logo Detection via Fast Region-based Convolutional
               Networks},
  journal   = {CoRR},
  volume    = {abs/1604.06083},
  year      = {2016},
  url       = {http://arxiv.org/abs/1604.06083},
  archivePrefix = {arXiv},
  eprint    = {1604.06083},
  timestamp = {Wed, 07 Jun 2017 14:43:04 +0200},
  biburl    = {https://dblp.org/rec/bib/journals/corr/OliveiraFPR16},
  bibsource = {dblp computer science bibliography, https://dblp.org}
}
maintained by Schloss Dagstuhl LZI at University of Trier	homebrowsesearchabout
@inproceedings{Rublee:2011:OEA:2355573.2356268,
 author = {Rublee, Ethan and Rabaud, Vincent and Konolige, Kurt and Bradski, Gary},
 title = {ORB: An Efficient Alternative to SIFT or SURF},
 booktitle = {Proceedings of the 2011 International Conference on Computer Vision},
 series = {ICCV '11},
 year = {2011},
 isbn = {978-1-4577-1101-5},
 pages = {2564--2571},
 numpages = {8},
 url = {http://dx.doi.org/10.1109/ICCV.2011.6126544},
 doi = {10.1109/ICCV.2011.6126544},
 acmid = {2356268},
 publisher = {IEEE Computer Society},
 address = {Washington, DC, USA},
} 
@inproceedings{saliency,
  author    = {Edoardo Ardizzone and
               Alessandro Bruno and
               Giuseppe Mazzola},
  title     = {Visual Saliency by Keypoints Distribution Analysis},
  booktitle = {Image Analysis and Processing - {ICIAP} 2011 - 16th International
               Conference, Ravenna, Italy, September 14-16, 2011, Proceedings, Part
               {I}},
  pages     = {691--699},
  year      = {2011},
  crossref  = {DBLP:conf/iciap/2011-1},
  url       = {https://doi.org/10.1007/978-3-642-24085-0_70},
  doi       = {10.1007/978-3-642-24085-0_70},
  timestamp = {Sun, 04 Jun 2017 01:00:00 +0200},
  biburl    = {https://dblp.org/rec/bib/conf/iciap/ArdizzoneBM11},
  bibsource = {dblp computer science bibliography, https://dblp.org}
}

@article{compare,
  author    = {Ebrahim Karami and
               Siva Prasad and
               Mohamed S. Shehata},
  title     = {Image Matching Using SIFT, SURF, {BRIEF} and {ORB:} Performance Comparison
               for Distorted Images},
  journal   = {CoRR},
  volume    = {abs/1710.02726},
  year      = {2017},
  url       = {http://arxiv.org/abs/1710.02726},
  archivePrefix = {arXiv},
  eprint    = {1710.02726},
  timestamp = {Wed, 01 Nov 2017 19:05:43 +0100},
  biburl    = {https://dblp.org/rec/bib/journals/corr/abs-1710-02726},
  bibsource = {dblp computer science bibliography, https://dblp.org}
}

@inproceedings{disk,
  author = {Arthur, Mary K.},
  title = {Point Picking and Distributing on the Disc and Sphere},
  publisher = {Defense Technical Information Center},
  year = {2015}
}

@article{opencv_library,
    author = {Bradski, G.},
    citeulike-article-id = {2236121},
    journal = {Dr. Dobb's Journal of Software Tools},
    keywords = {bibtex-import},
    posted-at = {2008-01-15 19:21:54},
    priority = {4},
    title = {{The OpenCV Library}},
    year = {2000}
}

@inproceedings { 619,
	title = {Scalable Triangulation-based Logo Recognition},
	author = {Y. Kalantidis and LG. Pueyo and M. Trevisiol and R. van Zwol and Y. Avrithis},
	booktitle = {in Proceedings of ACM International Conference on Multimedia Retrieval (ICMR 2011)},
	month = {April},
	address = {Trento, Italy},
	year = {2011}
}
@misc{photography,
title={photography},
author={David Castain \& Associates},
howpublished={\url{http://davidcastainandassociates.com/2017/04/04/photography/}},
note={Accessed: 2018-03-19}}